<record><leader>01795nam a2200481oi 4500</leader><controlfield tag="001">6798784</controlfield><controlfield tag="003">CaONFJC</controlfield><controlfield tag="005">20141221090654.0</controlfield><controlfield tag="006">m        d        </controlfield><controlfield tag="007">cr||n|||||||||</controlfield><controlfield tag="008">140422s2015    enk     ob    001 0 eng d</controlfield><datafield ind1=" " ind2=" " tag="020"><subfield code="a">9781138024250</subfield><subfield code="q">(hardback)</subfield></datafield><datafield ind1=" " ind2=" " tag="020"><subfield code="a">1138024252</subfield><subfield code="q">(hardback)</subfield></datafield><datafield ind1=" " ind2=" " tag="020"><subfield code="a">9781315775890</subfield><subfield code="q">(ebook)</subfield></datafield><datafield ind1=" " ind2=" " tag="020"><subfield code="a">9781322313924 (MyiLibrary)</subfield></datafield><datafield ind1=" " ind2=" " tag="037"><subfield code="a">662674</subfield><subfield code="b">MIL</subfield></datafield><datafield ind1=" " ind2=" " tag="039"><subfield code="a">exclude</subfield></datafield><datafield ind1=" " ind2=" " tag="040"><subfield code="a">CaONFJC</subfield><subfield code="c">CaONFJC</subfield><subfield code="e">rda</subfield><subfield code="d">AEU</subfield></datafield><datafield ind1=" " ind2=" " tag="043"><subfield code="a">a-cc---</subfield></datafield><datafield ind1="0" ind2="4" tag="050"><subfield code="a">HQ1031</subfield><subfield code="b">.P36 2015eb</subfield></datafield><datafield ind1="0" ind2="4" tag="082"><subfield code="a">306.810951</subfield><subfield code="2">23</subfield></datafield><datafield ind1=" " ind2=" " tag="084"><subfield code="a">SOC008000</subfield><subfield code="2">bisacsh</subfield></datafield><datafield ind1=" " ind2=" " tag="090"><subfield code="a">Internet Access</subfield><subfield code="b">AEGMCT</subfield></datafield><datafield ind1=" " ind2=" " tag="091"><subfield code="a">DO NOT ADD TO THIS RECORD - PSA PROJECT</subfield></datafield><datafield ind1="1" ind2=" " tag="100"><subfield code="a">Pan, Wang</subfield><subfield code="c">(Researcher),</subfield><subfield code="e">author.</subfield></datafield><datafield ind1="1" ind2="0" tag="245"><subfield code="a">Love and marriage in globalizing China</subfield><subfield code="h">[electronic resource] /</subfield><subfield code="c">Wang Pan.</subfield></datafield><datafield ind1=" " ind2="1" tag="264"><subfield code="a">Abingdon, Oxon ;</subfield><subfield code="a">New York :</subfield><subfield code="b">Routledge,</subfield><subfield code="c">2015.</subfield></datafield><datafield ind1=" " ind2=" " tag="300"><subfield code="a">1 online resource (viii, 247 pages)</subfield></datafield><datafield ind1=" " ind2=" " tag="336"><subfield code="a">text</subfield><subfield code="b">txt</subfield><subfield code="2">rdacontent</subfield></datafield><datafield ind1=" " ind2=" " tag="337"><subfield code="a">computer</subfield><subfield code="b">c</subfield><subfield code="2">rdamedia</subfield></datafield><datafield ind1=" " ind2=" " tag="338"><subfield code="a">online resource</subfield><subfield code="b">cr</subfield><subfield code="2">rdacarrier</subfield></datafield><datafield ind1="1" ind2=" " tag="490"><subfield code="a">Asian Studies Association of Australia women in Asia series</subfield></datafield><datafield ind1=" " ind2=" " tag="504"><subfield code="a">Includes bibliographical references and index.</subfield></datafield><datafield ind1=" " ind2=" " tag="506"><subfield code="a">Access restricted to authorized users and institutions.</subfield></datafield><datafield ind1=" " ind2=" " tag="588"><subfield code="a">Description based on print version record.</subfield></datafield><datafield ind1=" " ind2=" " tag="596"><subfield code="a">57</subfield></datafield><datafield ind1=" " ind2="0" tag="650"><subfield code="a">Interracial marriage</subfield><subfield code="z">China.</subfield></datafield><datafield ind1=" " ind2="0" tag="650"><subfield code="a">Marriage</subfield><subfield code="z">China.</subfield></datafield><datafield ind1=" " ind2="0" tag="650"><subfield code="a">Divorce</subfield><subfield code="z">China.</subfield></datafield><datafield ind1=" " ind2="0" tag="830"><subfield code="a">ASAA women in Asia series.</subfield></datafield><datafield ind1="4" ind2="0" tag="856"><subfield code="3">MacEwan University Access</subfield><subfield code="u">http://lib.myilibrary.com/detail.asp?ID=662674</subfield><subfield code="z">(Single User Access)</subfield></datafield><datafield ind1=" " ind2=" " tag="949"><subfield code="w">ORDER</subfield><subfield code="h">UAIN</subfield><subfield code="m">GR_MAC_INT</subfield><subfield code="z">MILGMPSA</subfield></datafield><datafield ind1=" " ind2=" " tag="926"><subfield code="a">Internet Access</subfield><subfield code="w">ORDER</subfield><subfield code="c">1</subfield><subfield code="i">6798784-1001</subfield><subfield code="l">INTERNET</subfield><subfield code="m">GR_MAC_INT</subfield><subfield code="r">Y</subfield><subfield code="s">Y</subfield><subfield code="t">E-RESOURCE</subfield><subfield code="u">2/3/2015</subfield><subfield code="x">E-BOOK</subfield><subfield code="z">MILGMPSA</subfield></datafield></record>